title={Binary Codes Capable of Correcting Deletions, Insertions and Reversals},
author={Levenshtein, Vladimir I.},
year={1966},
month={February},
journal={Soviet Physics Doklady},
volume={10},
pages={709}
}

@misc{vaswani2023attention,
  title={Attention Is All You Need},
  author={Ashish Vaswani and Noam Shazeer and Niki Parmar and Jakob Uszkoreit and Llion Jones and Aidan N. Gomez and Lukasz Kaiser and Illia Polosukhin},
  year={2023},
  eprint={1706.03762},
  archivePrefix={arXiv},
  primaryClass={cs.CL}
}

@misc{zmitrovich2024family,
  title={A Family of Pretrained Transformer Language Models for Russian},
  author={Dmitry Zmitrovich and Alexander Abramov and Andrey Kalmykov and Maria Tikhonova and Ekaterina Taktasheva and Danil Astafurov and Mark Baushenko and Artem Snegirev and Vitalii Kadulin and Sergey Markov and Tatiana Shavrina and Vladislav Mikhailov and Alena Fenogenova},
  year={2024},
  eprint={2309.10931},
  archivePrefix={arXiv},
  primaryClass={cs.CL}
}

@article{levenshtein1966dvoichnie,
title={Двоичные коды с исправлением выпадений, вставок и замещений символов},
author={Левенштейн, {\CYRV}ладимир {\CYRI}осифович.},
year={1966},
month={February},
journal={Доклады Академий Наук СССР},
volume={163},
pages={845--848},
number={4}
}

@inproceedings{merity2017pointer,
  title={Pointer sentinel mixture models},
  author={Merity, Stephen and Xiong, Caiming and Bradbury, James and Socher, Richard},
  booktitle={Proceedings of International Conference of Learning Representation},
  year={2017}
}

@inproceedings{habernal2016c4corpus,
  title={C4Corpus: Multilingual Web-size corpus with free license},
  author={Habernal, Ivan and Zayed, Omnia and Gurevych, Iryna},
  booktitle={Proceedings of the Tenth International Conference on Language Resources and Evaluation (LREC'16)},
  pages={914--922},
  year={2016}
}

// Макаров Олег Сергеевич, Куляшова Наталья Михайловна АЛГОРИТМЫ РАСПОЗНАВАНИЯ ПОЧТОВЫХ АДРЕСОВ // E-Scio. 2020. №7 (46). URL: https://cyberleninka.ru/article/n/algoritmy-raspoznavaniya-pochtovyh-adresov (дата обращения: 09.05.2024).

@inproceedings{макаров2019обзор,
  title={Обзор online-сервисов по формализации адресов},
  author={Макаров, ОС},
  booktitle={XLVII Огарёвские чтения},
  pages={352--357},
  year={2019}
}

@inproceedings{makarov2020algo,
  title = {Алгоритмы распознавания почтовых адресов},
  author = {Макаров, ОС},
  booktitle = {E-Scio},
  volume = {46},
  number = {7},
  pages = {352--357},
  year = {2020}
}

@misc{habr2020gar,
  author = {Кузнецов, К},
  title = {Нормализация адресов, ГАР ФИАС и Адрессарий},
  year = {2020},
  url = {https://habr.com/ru/articles/672186}
}
